@misc{data,
  author = {Bogdan Cretu},
  title = {Flowers-299},
  month = may,
  year = 2021,
  url = {https://www.kaggle.com/bogdancretu/flower299}
}

@misc{adam,
      title={Adam: A Method for Stochastic Optimization}, 
      author={Diederik P. Kingma and Jimmy Ba},
      year={2017},
      eprint={1412.6980},
      archivePrefix={arXiv},
      primaryClass={cs.LG}
}