@article{matplotlib,
  author = "Hunter, John D.",
  title = "{Matplotlib}: A {2D} Graphics Environment",
  publisher = "IEEE",
  year = "2007",
  journal = "Computing in Science \& Engineering",
  volume = "9",
  number = "3",
  pages = "90--95",
  url = "http://matplotlib.org/",
  version = "1.4.3",
}

@article{numpy,
  author = "Oliphant, Travis E.",
  title = "{NumPy}: {Python} for Scientific Computing",
  publisher = "IEEE",
  year = "2007",
  journal = "Computing in Science \& Engineering",
  volume = "9",
  number = "3",
  pages = "10--20",
  url = "http://www.numpy.org/",
  version = "1.9.2",
}

@software{scipy,
  author = "Jones, Eric and Oliphant, Travis E. and Peterson, Pearu and others",
  title = "{SciPy}: Open source scientific tools for {Python}",
  url = "http://www.scipy.org/",
  version = "0.16.0",
}

@article{scikit-learn,
 title={Scikit-learn: Machine Learning in {P}ython},
 author={Pedregosa, F. and Varoquaux, G. and Gramfort, A. and Michel, V.
         and Thirion, B. and Grisel, O. and Blondel, M. and Prettenhofer, P.
         and Weiss, R. and Dubourg, V. and Vanderplas, J. and Passos, A. and
         Cournapeau, D. and Brucher, M. and Perrot, M. and Duchesnay, E.},
 journal={Journal of Machine Learning Research},
 volume={12},
 pages={2825--2830},
 year={2011}
}

@misc{keras,
  title={Keras},
  author={Chollet, Fran\c{c}ois and others},
  year={2015},
  url={https://keras.io}
}

@software{pillow,
  author       = {Hugo van Kemenade and
                  Andrew Murray and
                  wiredfool and
                  Alex Clark and
                  Alexander Karpinsky and
                  Ondrej Baranovič and
                  Christoph Gohlke and
                  Jon Dufresne and
                  Brian Crowell and
                  David Schmidt and
                  Konstantin Kopachev and
                  Alastair Houghton and
                  Sandro Mani and
                  Steve Landey and
                  vashek and
                  Josh Ware and
                  Jason Douglas and
                  Stanislau T. and
                  David Caro and
                  Uriel Martinez and
                  Steve Kossouho and
                  Riley Lahd and
                  Antony Lee and
                  Eric W. Brown and
                  Oliver Tonnhofer and
                  Mickael Bonfill and
                  Peter Rowlands (변기호) and
                  Fahad Al-Saidi and
                  German Novikov},
  title        = {python-pillow/Pillow:},
  month        = jul,
  year         = 2021,
  publisher    = {Zenodo},
  version      = {8.3.1},
  doi          = {10.5281/zenodo.5076624},
}